@inproceedings{Ritschel:2009:SSDO,
author    = {Tobias Ritschel and Thorsten Grosch and Hans-Peter Seidel},
title     = {{Approximating Dynamic Global Illumination in Screen Space}},
booktitle = {Proceedings ACM SIGGRAPH Symposium on Interactive 3D Graphics and Games},
year      = {2009}
}

@inproceedings{SegoviaIMP06,
  author    = {Benjamin Segovia and
               Jean Claude Iehl and
               Richard Mitanchey and
               Bernard P{\'{e}}roche},
  title     = {Non-interleaved Deferred Shading of Interleaved Sample Patterns},
  booktitle = {Proceedings of the 21st {ACM} {SIGGRAPH/EUROGRAPHICS} symposium on
               Graphics hardware, Vienna, Austria, September 3-4, 2006},
  pages     = {53--60},
  year      = {2006},
  url       = {https://doi.org/10.2312/EGGH/EGGH06/053-060},
  doi       = {10.2312/EGGH/EGGH06/053-060},
  timestamp = {Wed, 24 May 2017 08:30:04 +0200},
  biburl    = {http://dblp.uni-trier.de/rec/bib/conf/egh/SegoviaIMP06},
  bibsource = {dblp computer science bibliography, http://dblp.org}
}

@proceedings{DBLP:conf/si3d/2007,
  editor    = {Bruce Gooch and
               Peter{-}Pike J. Sloan},
  title     = {Proceedings of the 2007 Symposium on Interactive 3D Graphics, {SI3D}
               2007, April 30 - May 2, 2007, Seattle, Washington, {USA}},
  publisher = {{ACM}},
  year      = {2007},
  isbn      = {978-1-59593-628-8},
  timestamp = {Wed, 02 May 2007 12:17:38 +0200},
  biburl    = {http://dblp.uni-trier.de/rec/bib/conf/si3d/2007},
  bibsource = {dblp computer science bibliography, http://dblp.org}
}